@article{guzman2013fear,
  title={Fear-enhancing effects of septal oxytocin receptors},
  author={Guzm{\'a}n, Yomayra F and Tronson, Natalie C and Jovasevic, Vladimir and Sato, Keisuke and Guedea, Anita L and Mizukami, Hiroaki and Nishimori, Katsuhiko and Radulovic, Jelena},
  journal={Nature Neuroscience},
  volume={16},
  number={9},
  pages={1185--1187},
  year={2013},
  publisher={Nature Publishing Group}
}
@article{ross2009characterization,
  title={Characterization of the oxytocin system regulating affiliative behavior in female prairie voles},
  author={Ross, Heather E and Cole, Charlene D and Smith, Yoland and Neumann, Inga D and Landgraf, Rainer and Murphy, Anne Z and Young, Larry J},
  journal={Neuroscience},
  volume={162},
  number={4},
  pages={892--903},
  year={2009},
  publisher={Elsevier}
}
@book{kruschke2010doing,
  title={Doing Bayesian data analysis: a tutorial introduction with R},
  author={Kruschke, John},
  year={2010},
  publisher={Academic Press}
}
@misc{stan-software:2014,
    title = {{RStan}: the {R} interface to {Stan}},
    author = {{Stan Development Team}},
    note = {R package version 2.17.2},
    year = {2017},
    url = {http://mc-stan.org/},
  }
@book{gelman2013bayesian,
  title={Bayesian Data Analysis},
  author={Gelman, Andrew and Carlin, John B and Stern, Hal S and Dunson, David B and Vehtari, Aki and Rubin, Donald B},
  year={2013},
  publisher={CRC press}
}
@article{tibshirani1996regression,
  title={Regression shrinkage and selection via the lasso},
  author={Tibshirani, Robert},
  journal={Journal of the Royal Statistical Society. Series B (Methodological)},
  pages={267--288},
  year={1996},
  publisher={JSTOR}
}
@Manual{rmanual2014,
    title = {R: A Language and Environment for Statistical Computing},
    author = {{R Core Team}},
    organization = {R Foundation for Statistical Computing},
    address = {Vienna, Austria},
    year = {2017}
  }
@article{boudarene2001study,
  title={[Study of the stress response: role of anxiety, cortisol and DHEAs].},
  author={Boudarene, M and Legros, JJ and Timsit-Berthier, M},
  journal={L'Encephale},
  volume={28},
  number={2},
  pages={139--146},
  year={2001}
}
@article{legler1982diurnal,
  title={Diurnal cortisol peaks and their relationships to meals},
  author={Legler, Marguerite and Brandenberger, Gabrielle and Hietter, Bernard and Sim{\'e}oni, Mich{\'e}le and Reinhardt, B{\'e}atrice},
  journal={The Journal of Clinical Endocrinology \& Metabolism},
  volume={55},
  number={4},
  pages={757--761},
  year={1982},
  publisher={The Endocrine Society}
}
@article{quas2004physiological,
  title={Physiological reactivity, social support, and memory in early childhood},
  author={Quas, Jodi A and Bauer, Amy and Boyce, W Thomas},
  journal={Child Development},
  volume={75},
  number={3},
  pages={797--814},
  year={2004},
  publisher={Wiley Online Library}
}
@article{battaglia1997physiological,
  title={Physiological and behavioral responses to minor stressors in offspring of patients with panic disorder},
  author={Battaglia, Marco and Bajo, Sonia and Strambi, Luigi Ferini and Brambilla, Francesca and Castronovo, Cinzia and Vanni, Giovanna and Bellodi, Laura},
  journal={Journal of Psychiatric Research},
  volume={31},
  number={3},
  pages={365--376},
  year={1997},
  publisher={Elsevier}
}
@article{ashman2002stress,
  title={Stress hormone levels of children of depressed mothers},
  author={Ashman, Sharon B and Dawson, Geraldine and Panagiotides, Heracles and Yamada, Emily and Wilkinson, Charles W},
  journal={Development and Psychopathology},
  volume={14},
  number={02},
  pages={333--349},
  year={2002},
  publisher={Cambridge Univ Press}
}
@article{sachar1970cortisol,
  title={Cortisol production in depressive illness: a clinical and biochemical clarification},
  author={Sachar, Edward J and Hellman, Leon and Fukushima, David K and Gallagher, TF},
  journal={Archives of General Psychiatry},
  volume={23},
  number={4},
  pages={289},
  year={1970},
  publisher={Am Med Assoc}
}
@article{alpers2003salivary,
  title={Salivary cortisol response during exposure treatment in driving phobics},
  author={Alpers, Georg W and Abelson, James L and Wilhelm, Frank H and Roth, Walton T},
  journal={Psychosomatic Medicine},
  volume={65},
  number={4},
  pages={679--687},
  year={2003},
  publisher={Am Psychosomatic Soc}
}
@article{chung2005pain,
  title={Pain anxiety in a social context: The integration of anxiety sensitivity and event expectancy},
  author={Chung, Enid and Moore, Philip J and Peterson, Rolf A and Katzman, Martin A and Vermani, Monica},
  journal={Basic and Applied Social Psychology},
  volume={27},
  number={4},
  pages={317--327},
  year={2005},
  publisher={Taylor \& Francis}
}
@article{vining1987measurement,
  title={The measurement of hormones in saliva: possibilities and pitfalls},
  author={Vining, Ross F and McGinley, Robynne A},
  journal={Journal of Steroid Biochemistry},
  volume={27},
  number={1},
  pages={81--94},
  year={1987},
  publisher={Elsevier}
}
@article{vining1983hormones,
  title={Hormones in saliva: mode of entry and consequent implications for clinical interpretation.},
  author={Vining, Ross F and McGinley, Robynne A and Symons, Richard G},
  journal={Clinical Chemistry},
  volume={29},
  number={10},
  pages={1752--1756},
  year={1983},
  publisher={Am Assoc Clin Chem}
}
@article{marteau1992development,
  title={The development of a six-item short-form of the state scale of the Spielberger Stateâ€”Trait Anxiety Inventory (STAI)},
  author={Marteau, Theresa M and Bekker, Hilary},
  journal={British Journal of Clinical Psychology},
  volume={31},
  number={3},
  pages={301--306},
  year={1992},
  publisher={Wiley Online Library}
}
@article{bados2010state,
  title={The state-trait anxiety inventory, trait version: does it really measure anxiety?},
  author={Bados, Arturo and G{\'o}mez-Benito, Juana and Balaguer, Gemma},
  journal={Journal of Personality Assessment},
  volume={92},
  number={6},
  pages={560--567},
  year={2010},
  publisher={Taylor \& Francis}
}
@article{spielberger1983assessment,
  title={Assessment of anger: The state-trait anger scale},
  author={Spielberger, Charles D and Jacobs, Gerald and Russell, Sheryl and Crane, Rosario S},
  journal={Advances in Personality Assessment},
  volume={2},
  pages={159--187},
  year={1983}
}
@article{kennedy2011makes,
  title={What makes people anxious about pain? How personality and perception combine to determine pain anxiety responses in clinical and non-clinical populations},
  author={Kennedy, Caitlin E and Moore, Philip J and Peterson, Rolf A and Katzman, Martin A and Vermani, Monica and Charmak, William D},
  journal={Anxiety, Stress, \& Coping},
  volume={24},
  number={2},
  pages={179--200},
  year={2011},
  publisher={Taylor \& Francis}
}
@article{moore2013psychological,
  title={Psychological resilience: The impact of affectivity and coping on state anxiety and positive emotions during and after the Washington, DC Sniper Killings},
  author={Moore, Philip J and Chrabaszcz, Jeffrey S and Peterson, Rolf A and Rohrbeck, Cynthia A and Roemer, Enid C and Mercurio, Andrea E},
  journal={Anxiety, Stress \& Coping},
  number={just-accepted},
  year={2013},
  publisher={Taylor \& Francis}
}
@article{zervou2005vasovagal,
  title={Vasovagal reactions in blood donors during or immediately after blood donation},
  author={Zervou, EK and Ziciadis, K and Karabini, F and Chrisostomou, E and Tzolou, A},
  journal={Transfusion Medicine},
  volume={15},
  number={5},
  pages={389--394},
  year={2005},
  publisher={Wiley Online Library}
}
@article{moore2010cognitive,
  title={The cognitive processing of somatic anxiety: Using functional measurement to understand and address the fear of pain},
  author={Moore, Philip J and Chrabaszcz, Jeffrey S and Peterson, Rolf A},
  journal={Psicol{\'o}gica: Revista de Metodolog{\'\i}a y Psicolog{\'\i}a Experimental},
  volume={31},
  number={3},
  pages={605--627},
  year={2010}
}
@article{spielberger1970state,
  title={The state-trait anxiety inventory: Test manual for form X},
  author={Spielberger, Charles D and Gorsuch, Richard L and Lushene, ROBERT E},
  journal={Palo Alto: Consulting Psychologists},
  year={1970}
}
@article{o1990stress,
  title={Stress, emotion, and human immune function.},
  author={O'Leary, Ann},
  journal={Psychological Bulletin},
  volume={108},
  number={3},
  pages={363},
  year={1990},
  publisher={American Psychological Association}
}
@article{almeida1998everyday,
  title={Everyday stressors and gender differences in daily distress.},
  author={Almeida, David M and Kessler, Ronald C},
  journal={Journal of Personality and Social Psychology},
  volume={75},
  number={3},
  pages={670},
  year={1998},
  publisher={American Psychological Association}
}
@article{vedhara2000acute,
  title={Acute stress, memory, attention and cortisol},
  author={Vedhara, K and Hyde, J and Gilchrist, ID and Tytherleigh, M and Plummer, S},
  journal={Psychoneuroendocrinology},
  volume={25},
  number={6},
  pages={535--549},
  year={2000},
  publisher={Elsevier}
}
@article{jessop2004brief,
  title={Brief Review Effects of Stress on Inflammatory Autoimmune Disease: Destructive or Protective?},
  author={Jessop, DS and Richards, LJ and Harbuz, MS},
  journal={Stress: The International Journal on the Biology of Stress},
  volume={7},
  number={4},
  pages={261--266},
  year={2004},
  publisher={Informa UK Ltd UK}
}
@article{greenberg1999economic,
  title={The economic burden of anxiety disorders in the 1990s.},
  author={Greenberg, Paul E and Sisitsky, Tamar and Kessler, Ronald C and Finkelstein, Stan N and Berndt, Ernst R and Davidson, Jonathan RT and Ballenger, James C and Fyer, Abby J},
  journal={Journal of Clinical Psychiatry},
  year={1999},
  publisher={Physicians Postgraduate Press}
}
@article{gruber2003long,
  title={The long-term psychosocial effects of haematopoetic stem cell transplantation},
  author={Gruber, U and FEGG,  M and Buchmann, M and KOLB,  H-J and Hiddemann, W},
  journal={European Journal of Cancer Care},
  volume={12},
  number={3},
  pages={249--256},
  year={2003},
  publisher={Wiley Online Library}
}
@article{noto2005relationship,
  title={The relationship between salivary biomarkers and state-trait anxiety inventory score under mental arithmetic stress: a pilot study.},
  author={Noto, Yuka and Sato, Tetsumi and Kudo, Mihoko and Kurata, Kiyoshi and Hirota, Kazuyoshi},
  journal={Anesthesia \& Analgesia},
  volume={101},
  number={6},
  pages={1873--1876},
  year={2005},
  publisher={IARS}
}
@article{andersen2004different,
  title={Different stress modalities result in distinct steroid hormone responses by male rats},
  author={Andersen, ML and Bignotto, M and Machado, RB and Tufik, S},
  journal={Brazilian Journal of Medical and Biological Research},
  volume={37},
  number={6},
  pages={791--797},
  year={2004},
  publisher={SciELO Brasil}
}
@article{kelly2008sex,
  title={Sex differences in emotional and physiological responses to the Trier Social Stress Test},
  author={Kelly, Megan M and Tyrka, Audrey R and Anderson, George M and Price, Lawrence H and Carpenter, Linda L},
  journal={Journal of Behavior Therapy and Experimental Psychiatry},
  volume={39},
  number={1},
  pages={87--98},
  year={2008},
  publisher={Elsevier}
}
@article{brundtland2001mental,
  title={Mental health: new understanding, new hope},
  author={Brundtland, Gro Harlem},
  journal={Journal of the American Medical Association},
  volume={286},
  number={19},
  pages={2391--2391},
  year={2001},
  publisher={Am Med Assoc}
}
@article{tsigos2002hypothalamic,
  title={Hypothalamic--pituitary--adrenal axis, neuroendocrine factors and stress},
  author={Tsigos, Constantine and Chrousos, George P},
  journal={Journal of Psychosomatic Research},
  volume={53},
  number={4},
  pages={865--871},
  year={2002},
  publisher={Elsevier}
}
@unpublished{salimetrics2011saliva,
  title={Saliva collection and handling advice},
  author={Salimetrics, LLC and Europe, Salimetrics},
  year={2011}
}
@article{nachmias1996behavioral,
  title={Behavioral inhibition and stress reactivity: The moderating role of attachment security},
  author={Nachmias, Melissa and Gunnar, Megan and Mangelsdorf, Sarah and Parritz, Robin Hornik and Buss, Kristin},
  journal={Child Development},
  volume={67},
  number={2},
  pages={508--522},
  year={1996},
  publisher={Wiley Online Library}
}
@article{gunnar2009stressor,
  title={Stressor paradigms in developmental studies: What does and does not work to produce mean increases in salivary cortisol},
  author={Gunnar, Megan R and Talge, Nicole M and Herrera, Adriana},
  journal={Psychoneuroendocrinology},
  volume={34},
  number={7},
  pages={953--967},
  year={2009},
  publisher={Elsevier}
}
@article{kirschbaum1993trier,
  title={The â€˜Trier Social Stress Testâ€™--a tool for investigating psychobiological stress responses in a laboratory setting},
  author={Kirschbaum, Clemens and Pirke, K-M and Hellhammer, Dirk H},
  journal={Neuropsychobiology},
  volume={28},
  number={1-2},
  pages={76--81},
  year={1993},
  publisher={Karger Publishers}
}
@article{neumann1999brain,
  title={Brain oxytocin: differential inhibition of neuroendocrine stress responses and anxiety-related behaviour in virgin, pregnant and lactating rats},
  author={Neumann, Inga D and Torner, L and Wigger, A},
  journal={Neuroscience},
  volume={95},
  number={2},
  pages={567--575},
  year={1999},
  publisher={Elsevier}
}
@article{gibbs1986oxytocin,
  title={Oxytocin inhibits ACTH and peripheral catecholamine secretion in the urethane-anesthetized rat},
  author={Gibbs, Daniel M},
  journal={Regulatory Peptides},
  volume={14},
  number={2},
  pages={125--132},
  year={1986},
  publisher={Elsevier}
}
@article{bryant1998treatment,
  title={Treatment of acute stress disorder: a comparison of cognitive-behavioral therapy and supportive counseling.},
  author={Bryant, Richard A and Harvey, Allison G and Dang, Suzanne T and Sackville, Tanya and Basten, Chris},
  journal={Journal of Consulting and Clinical Psychology},
  volume={66},
  number={5},
  pages={862},
  year={1998},
  publisher={American Psychological Association}
}
@article{smyth2003focused,
  title={Focused expressive writing as self-help for stress and trauma},
  author={Smyth, Joshua and Helm, Rebecca},
  journal={Journal of Clinical Psychology},
  volume={59},
  number={2},
  pages={227--235},
  year={2003},
  publisher={Wiley Online Library}
}
@article{mccallie2006progressive,
  title={Progressive muscle relaxation},
  author={McCallie, Martha S and Blum, Claire M and Hood, Charlaine J},
  journal={Journal of Human Behavior in the Social Environment},
  volume={13},
  number={3},
  pages={51--66},
  year={2006},
  publisher={Taylor \& Francis}
}
@article{heinrichs2003social,
  title={Social support and oxytocin interact to suppress cortisol and subjective responses to psychosocial stress},
  author={Heinrichs, Markus and Baumgartner, Thomas and Kirschbaum, Clemens and Ehlert, Ulrike},
  journal={Biological Psychiatry},
  volume={54},
  number={12},
  pages={1389--1398},
  year={2003},
  publisher={Elsevier}
}
@article{tops2007anxiety,
  title={Anxiety, cortisol, and attachment predict plasma oxytocin},
  author={Tops, Mattie and Van Peer, Jacobien M and Korf, Jakob and Wijers, Albertus A and Tucker, Don M},
  journal={Psychophysiology},
  volume={44},
  number={3},
  pages={444--449},
  year={2007},
  publisher={Wiley Online Library}
}
@article{slovic1987perception,
  title={Perception of risk},
  author={Slovic, Paul},
  journal={Science},
  volume={236},
  number={4799},
  pages={280--285},
  year={1987},
  publisher={American Association for the Advancement of Science}
}
@article{kessler2005prevalence,
  title={Prevalence, severity, and comorbidity of 12-month DSM-IV disorders in the National Comorbidity Survey Replication},
  author={Kessler, Ronald C and Chiu, Wai Tat and Demler, Olga and Walters, Ellen E},
  journal={Archives of General Psychiatry},
  volume={62},
  number={6},
  pages={617},
  year={2005},
  publisher={Am Med Assoc}
}
@article{moore2009information,
  title={Information integration and emotion: How do anxiety sensitivity and expectancy combine to determine social anxiety?},
  author={Moore, Philip J and Chung, Enid and Peterson, Rolf A and Katzman, Martin A and Vermani, Monica},
  journal={Cognition and Emotion},
  volume={23},
  number={1},
  pages={42--68},
  year={2009},
  publisher={Taylor \& Francis}
}
@article{campbell2012acute,
  title={Acute psychosocial stress: Does the emotional stress response correspond with physiological responses?},
  author={Campbell, Jana and Ehlert, Ulrike},
  journal={Psychoneuroendocrinology},
  volume={37},
  number={8},
  pages={1111--1134},
  year={2012},
  publisher={Elsevier}
}
@article{turner2010sex,
  title={Sex differences in hypothalamic-pituitary-adrenal axis function in patients with chronic pain syndrome},
  author={Turner-Cobb, Julie M and Osborn, Mike and da Silva, Leonardo and Keogh, Edmund and Jessop, David S},
  journal={Stress: The International Journal on the Biology of Stress},
  volume={13},
  number={4},
  pages={293--301},
  year={2010},
  publisher={Informa London, UK}
}
@article{kudielka2009human,
  title={Human models in acute and chronic stress: assessing determinants of individual hypothalamus-pituitary-adrenal axis activity and reactivity},
  author={Kudielka, Brigitte M and W{\"u}st, Stefan},
  journal={Stress: The International Journal on the Biology of Stress},
  volume={13},
  number={1},
  pages={1--14},
  year={2009},
  publisher={Informa London, UK}
}
@article{walco2005procedural,
  title={Procedural distress in children with cancer: self-report, behavioral observations, and physiological parameters},
  author={Walco, Gary A and Conte, Paola M and Labay, Larissa E and Engel, Romy and Zeltzer, Lonnie K},
  journal={The Clinical Journal of Pain},
  volume={21},
  number={6},
  pages={484--490},
  year={2005},
  publisher={LWW}
}
@article{harrell1996situational,
  title={Situational Determinants of Correlations Between Serum Cortisol and Self Reported Stress Measures},
  author={Harrell, Ernest H and Kelly, Kimberly and Stutts, William A},
  journal={Psychology: A Journal of Human Behavior},
  volume={33},
  pages={22--25},
  year={1996},
  publisher={PSYCHOLOGY}
}
@article{blood1994spouses,
  title={Spouses of individuals with laryngeal cancer: caregiver strain and burden},
  author={Blood, Gordon W and Simpson, Kathleen C and Dineen, Mary and Kauffman, Susan M and Raimondi, Susan C},
  journal={Journal of Communication Disorders},
  volume={27},
  number={1},
  pages={19--35},
  year={1994},
  publisher={Elsevier}
}
@article{adkins2008psychometric,
  title={Psychometric properties of seven self-report measures of posttraumatic stress disorder in college students with mixed civilian trauma exposure},
  author={Adkins, Jennifer W and Weathers, Frank W and McDevitt-Murphy, Meghan and Daniels, Jennifer B},
  journal={Journal of Anxiety Disorders},
  volume={22},
  number={8},
  pages={1393--1402},
  year={2008},
  publisher={Elsevier}
}
@article{mulia2008stress,
  title={Stress, social support and problem drinking among women in poverty},
  author={Mulia, Nina and Schmidt, Laura and Bond, Jason and Jacobs, Laurie and Korcha, Rachael},
  journal={Addiction},
  volume={103},
  number={8},
  pages={1283--1293},
  year={2008},
  publisher={Wiley Online Library}
}
@article{steudte2011decreased,
  title={Decreased hair cortisol concentrations in generalised anxiety disorder},
  author={Steudte, Susann and Stalder, Tobias and Dettenborn, Lucia and Klumbies, Elisabeth and Foley, Paul and Beesdo-Baum, Katja and Kirschbaum, Clemens},
  journal={Psychiatry Research},
  volume={186},
  number={2},
  pages={310--314},
  year={2011},
  publisher={Elsevier}
}
@article{leininger2012cortisol,
  title={Cortisol and self-report measures of anxiety as predictors of neuropsychological performance},
  author={Leininger, Shelley and Skeel, Reid},
  journal={Archives of Clinical Neuropsychology},
  volume={27},
  number={3},
  pages={318--328},
  year={2012},
  publisher={Oxford University Press}
}
@book{taylor1999anxiety,
  title={Anxiety sensitivity: Theory, research, and treatment of the fear of anxiety.},
  author={Taylor, Steven Ed},
  year={1999},
  publisher={Lawrence Erlbaum Associates Publishers}
}
@article{king2010anxiety,
  title={Anxiety, depression and saliva cortisol in women with a medical disorder during pregnancy},
  author={King, Nicole MA and Chambers, Jennifer and Oâ€™Donnell, Kieran and Jayaweera, Samantha R and Williamson, Catherine and Glover, Vivette A},
  journal={Archives of Women's Mental Health},
  volume={13},
  number={4},
  pages={339--345},
  year={2010},
  publisher={Springer}
}
@article{juarez2010model,
  title={Model-based clustering of non-Gaussian panel data based on skew-t distributions},
  author={Ju{\'a}rez, Miguel A and Steel, Mark FJ},
  journal={Journal of Business \& Economic Statistics},
  volume={28},
  number={1},
  pages={52--66},
  year={2010},
  publisher={Taylor \& Francis}
}